@IEEEtranBSTCTL{bstctl:etal,
  CTLuse_forced_etal = {no},
  CTLmax_names_forced_etal = {3},
}

@IEEEtranBSTCTL{bstctl:nodash,
  CTLdash_repeated_names = {no},
}

@IEEEtranBSTCTL{bstctl:simpurl,
  CTLname_url_prefix = {Available: },
}

@misc{Criden08,
    author    = "Madelaine Criden",
    title     = "Recognizing the Importance of Public Transportation for Low-Income Households",
    journal   = "National Association for State Community Services Programs",
    year      = "2007",
}

@misc{CTA,
    title     = "CTA Bus Tracker",
    url       = "http://www.ctabustracker.com/bustime/home.jsp",
}

@misc{Tiramisu,
    title     = "Tiramisu, the real-time bus tracker",
    url       = "http://www.tiramisutransit.com/t/about",
}

@misc{CRAWDAD_Traces,
    title     = "Crawdad: A Community Resource for Archiving Wireless Data At Dartmouth",
    url       = "http://crawdad.cs.dartmouth.edu/meta.php?name=rice/ad_hoc_city",
}
